@article{SongsiriEE635-ControlTheory,
    title = {{EE635-Control System Theory}},
    author = {Songsiri, Jitkomut}
}

@incollection{Beals2012GammaZeta,
    title = {{Gamma, beta, zeta}},
    year = {2012},
    booktitle = {Special Functions},
    author = {Beals, Richard and Wong, Roderick},
    month = {6},
    pages = {18--56},
    publisher = {Cambridge University Press},
    isbn = {9780511762543},
    doi = {10.1017/cbo9780511762543.003}
}

@article{Kautsky1985KautskyNV85,
    title = {{KautskyNV85}},
    year = {1985},
    journal = {International Journal of Control},
    author = {Kautsky, J. and Nichols, N.K. and Van Dooren, P},
    pages = {1129--1155},
    volume = {41},
    doi = {10.1080/0020718508961188},
    language = {English}
}

@book{Lay2016LinearApplications,
    title = {{Linear algebra and its applications}},
    year = {2016},
    author = {Lay, David C.. and Lay, Steven R.. and McDonald, Judith.},
    publisher = {Pearson Education Limited},
    isbn = {1292092238}
}

@book{Antsaklis2006LinearProcessing,
    title = {{Linear control systems. 2. Control theory. 3. Signal processing}},
    year = {2006},
    author = {Antsaklis, Panos J and Michel, Anthony N},
    edition = {2nd},
    publisher = {Birkhauser},
    address = {Boston},
    isbn = {978-0-8176-4434-5},
    keywords = {34A30, AMS Subject Classification},
    language = {English}
}

@book{Hespanha2018LinearTheory,
    title = {{Linear Systems Theory}},
    year = {2018},
    author = {Hespanha, João P},
    edition = {Second edition},
    publisher = {Princeton University Press},
    language = {English}
}

@techreport{2022MATLABR2022b,
    title = {{MATLAB {\textregistered} Function Reference R2022b}},
    year = {2022},
    month = {9},
    pages = {11631},
    url = {www.mathworks.com},
    institution = {Mathworks},
    isbn = {252.2277014}
}

@article{Chong2023MemoryAlgorithms,
    title = {{Memory Saving State-Sharing Multi-Observer for a Class of Multi-Observer-Based Algorithms}},
    year = {2023},
    journal = {IEEE Control Systems Letters},
    author = {Chong, Michelle S. and Wakaiki, Masashi and Hespanha, João P.},
    pages = {1772--1777},
    volume = {7},
    publisher = {Institute of Electrical and Electronics Engineers Inc.},
    doi = {10.1109/LCSYS.2023.3280079},
    issn = {24751456},
    keywords = {Multi-observer algorithms, nonlinear systems, secure state estimation, supervisory observer}
}

@article{Khalil2002NonlinearSystems,
    title = {{Nonlinear Systems}},
    year = {2002},
    author = {Khalil, K. Hassan},
    isbn = {9780130673893}
}

@misc{StephenBoyd2009ObservabilitySlides,
    title = {{Observability and state estimation lecture slides}},
    year = {2009},
    author = {{Stephen Boyd}},
    publisher = {Stanford University}
}

@article{Chong2015ObservabilityAttacks,
    title = {{Observability of linear systems under adversarial attacks}},
    year = {2015},
    author = {Chong, Michelle and {Wakaiki Masashi} and Hespanha, J},
    isbn = {9781479986842}
}

@incollection{Mazur2010PrinciplesCombinatorics,
    title = {{Principles of Combinatorics}},
    year = {2010},
    author = {Mazur, David R},
    url = {https://www.ebsco.com/terms-of-use},
    isbn = {9780883857625}
}

@techreport{Luenberger1967ShortSystems,
    title = {{Short Papers Canonical Forms for Linear Multivariable Systems}},
    year = {1967},
    author = {Luenberger, David G},
    month = {6}
}